<record><leader>00000cas a2200000 a 4500</leader><controlfield tag="001">2268445</controlfield><controlfield tag="008">760620d18391840pauwn ne      0   a0eng  </controlfield><datafield ind1=" " ind2=" " tag="010"><subfield code="a">sn 84035975 </subfield></datafield><datafield ind1=" " ind2=" " tag="040"><subfield code="a">PIT</subfield><subfield code="b">eng</subfield><subfield code="c">PIT</subfield><subfield code="d">NYG</subfield><subfield code="d">NPH</subfield><subfield code="d">NPY</subfield><subfield code="d">DLC</subfield><subfield code="d">NPX</subfield><subfield code="d">NJW</subfield><subfield code="d">MFN</subfield><subfield code="d">KNP</subfield><subfield code="d">CNK</subfield><subfield code="d">OCL</subfield><subfield code="d">OCLCF</subfield><subfield code="d">OCLCO</subfield><subfield code="d">HUL</subfield><subfield code="d">DLC</subfield></datafield><datafield ind1="0" ind2=" " tag="022"><subfield code="a">2472-985X</subfield><subfield code="2">1</subfield></datafield><datafield ind1=" " ind2=" " tag="042"><subfield code="a">msc</subfield><subfield code="a">nsdp</subfield></datafield><datafield ind1="0" ind2="0" tag="050"><subfield code="a">Newspaper 9445</subfield></datafield><datafield ind1="1" ind2="0" tag="082"><subfield code="a">071</subfield><subfield code="2">23</subfield></datafield><datafield ind1=" " ind2="0" tag="222"><subfield code="a">Telegraph and intelligencer</subfield></datafield><datafield ind1="0" ind2="0" tag="245"><subfield code="a">Telegraph and intelligencer.</subfield></datafield><datafield ind1=" " ind2=" " tag="260"><subfield code="a">Harrisburg [Pa.] :</subfield><subfield code="b">R.S. Elliott &amp; Co.,</subfield></datafield><datafield ind1=" " ind2=" " tag="300"><subfield code="a">v.</subfield></datafield><datafield ind1=" " ind2=" " tag="310"><subfield code="a">Weekly (semiweekly during sessions of the state legislature)</subfield></datafield><datafield ind1="0" ind2=" " tag="362"><subfield code="a">Vol. 1, no. 1 (July 3, 1839)-v. 1, no. 65 (June 25, 1840).</subfield></datafield><datafield ind1=" " ind2=" " tag="530"><subfield code="a">Also available on microfilm from Microfilm Corp. of Pa.</subfield></datafield><datafield ind1=" " ind2="0" tag="651"><subfield code="a">Harrisburg (Pa.)</subfield><subfield code="v">Newspapers.</subfield></datafield><datafield ind1=" " ind2="7" tag="651"><subfield code="a">Pennsylvania</subfield><subfield code="z">Harrisburg.</subfield><subfield code="2">fast</subfield><subfield code="0">(OCoLC)fst01204725</subfield></datafield><datafield ind1=" " ind2="7" tag="655"><subfield code="a">Newspapers.</subfield><subfield code="2">fast</subfield><subfield code="0">(OCoLC)fst01423814</subfield></datafield><datafield ind1=" " ind2=" " tag="752"><subfield code="a">United States</subfield><subfield code="b">Pennsylvania</subfield><subfield code="c">Dauphin</subfield><subfield code="d">Harrisburg.</subfield></datafield><datafield ind1="0" ind2=" " tag="775"><subfield code="t">Daily telegraph &amp; intelligencer</subfield><subfield code="x">2473-2354</subfield><subfield code="w">(DLC)sn 84035954</subfield><subfield code="w">(OCoLC)2260107</subfield></datafield><datafield ind1="0" ind2="4" tag="780"><subfield code="t">Pennsylvania telegraph (Harrisburg, Pa. : 1831)</subfield><subfield code="x">2472-9922</subfield><subfield code="w">(DLC)sn 83032134</subfield><subfield code="w">(OCoLC)10214475</subfield></datafield><datafield ind1="0" ind2="4" tag="780"><subfield code="t">Pennsylvania intelligencer, and state Democrat</subfield><subfield code="x">2472-9868</subfield><subfield code="w">(DLC)sn 83032129</subfield><subfield code="w">(OCoLC)10214213</subfield></datafield><datafield ind1="0" ind2="6" tag="785"><subfield code="t">Pennsylvania telegraph (Harrisburg, Pa. : 1840)</subfield><subfield code="x">2473-0823</subfield><subfield code="w">(DLC)sn 84035974</subfield><subfield code="w">(OCoLC)11259132</subfield></datafield><datafield ind1="0" ind2="6" tag="785"><subfield code="t">Pennsylvania intelligencer (Harrisburg, Pa. : 1840)</subfield><subfield code="x">2473-246X</subfield><subfield code="w">(DLC)sn 86071460</subfield><subfield code="w">(OCoLC)13544201</subfield></datafield><datafield ind1="1" ind2=" " tag="029"><subfield code="a">AU@</subfield><subfield code="b">000020122398</subfield></datafield></record>